<record><leader>00832cam a2200253 a 4500</leader><controlfield tag="001">1352685</controlfield><controlfield tag="008">910128s1985    fr           i    0 eng c</controlfield><datafield ind1=" " ind2=" " tag="035"><subfield code="a">ocm70343306</subfield></datafield><datafield ind1=" " ind2=" " tag="040"><subfield code="b">eng</subfield></datafield><datafield ind1=" " ind2=" " tag="049"><subfield code="a">AEU</subfield><subfield code="b">eng</subfield></datafield><datafield ind1=" " ind2="3" tag="055"><subfield code="a">AS 4</subfield><subfield code="b">I616 1985</subfield></datafield><datafield ind1="0" ind2=" " tag="090"><subfield code="a">AS 4 I616 1985</subfield></datafield><datafield ind1="2" ind2=" " tag="110"><subfield code="a">International Council for Philosophy and Humanistic Studies.</subfield></datafield><datafield ind1="1" ind2="0" tag="245"><subfield code="a">CIPSH.</subfield></datafield><datafield ind1=" " ind2=" " tag="260"><subfield code="a">Paris :</subfield><subfield code="b">Published with the assistance of Unesco,</subfield><subfield code="c">1985.</subfield></datafield><datafield ind1=" " ind2=" " tag="300"><subfield code="a">26 p. :</subfield><subfield code="b">ill. ;</subfield><subfield code="c">21 cm.</subfield></datafield><datafield ind1=" " ind2=" " tag="336"><subfield code="a">text</subfield><subfield code="b">txt</subfield><subfield code="2">rdacontent</subfield></datafield><datafield ind1=" " ind2=" " tag="337"><subfield code="a">unmediated</subfield><subfield code="b">n</subfield><subfield code="2">rdamedia</subfield></datafield><datafield ind1=" " ind2=" " tag="338"><subfield code="a">volume</subfield><subfield code="b">nc</subfield><subfield code="2">rdacarrier</subfield></datafield><datafield ind1=" " ind2=" " tag="596"><subfield code="a">38</subfield></datafield><datafield ind1="2" ind2="0" tag="610"><subfield code="a">International Council for Philosophy and Humanistic Studies.</subfield></datafield><datafield ind1="2" ind2=" " tag="710"><subfield code="a">Unesco.</subfield></datafield><datafield ind1="0" ind2=" " tag="740"><subfield code="a">C I P S H.</subfield></datafield><datafield ind1=" " ind2=" " tag="926"><subfield code="a">AS 4 I616 1985</subfield><subfield code="w">LC</subfield><subfield code="c">1</subfield><subfield code="i">000035523224</subfield><subfield code="l">ON_SHELF</subfield><subfield code="m">UABARD</subfield><subfield code="p">$150.00</subfield><subfield code="r">Y</subfield><subfield code="s">Y</subfield><subfield code="t">BOOK</subfield><subfield code="u">1/31/1991</subfield><subfield code="o">.STAFF. A0020989</subfield></datafield></record>